@misc{padden,
	title = "Sign Language Geography",
	year = "2010",
	author = "Padden, Carol",
}

@book{costello,
	author = "Costello, Elaine",
	title = "American Sign Language Dictionary",
	publisher= "Random House",
	year = "2008"
}

@book{neidle,
	author = "Neidle, Carol",
	title = "The Syntax of American Sign Language: Functional Categories and Hierarchical Structures",
	publisher= "Cambridge, MA: The MIT Press.",
	year = "2000"
}