@article{nakamura,
	author = "Karen Nakamura",
	title = "About American Sign Language",
	journal = "Deaf Research Library",
	year = "1995",
}

@phdthesis{bahan,
	author = "Benjamin Bahan",
	title = "Non-Manual Realization of Agreement in American Sign Language",
	school = "Boston University",
	year = "1996",
}

@book{groce,
	author = "Nora Ellen Groce", 
	title = "Everyone Here Spoke Sign Language: Hereditary Deafness on Martha's Vineyard", 
	publisher = "Harvard University Press Revised ed.", 
	year = "1988"
}

@article{population,
	author = "Ross E. Mitchell and Travas A. Young and Bellamie Bachleda and Michael A. Karchmer",
	title = "How Many People Use ASL in the United States?: Why Estimates Need Updating",
	journal = "Sign Language Studies",
	year = "2006",
}

@book{costello,
	author = "Elaine Costello", 
	title = "American Sign Language Dictionary", 
	publisher = "Random House", 
	year = "2012"
}

 @misc{wikipedia_2022, title={American sign language}, url={https://en.wikipedia.org/wiki/American_Sign_Language}, author={Wikipedia}, journal={Wikipedia}, publisher={Wikimedia Foundation}, year={2022}, month={Apr}} 
 
 @INPROCEEDINGS{8308186,  author={Albawi, Saad and Mohammed, Tareq Abed and Al-Zawi, Saad},  booktitle={2017 International Conference on Engineering and Technology (ICET)},   title={Understanding of a convolutional neural network},   year={2017},  volume={},  number={},  pages={1-6},  doi={10.1109/ICEngTechnol.2017.8308186}}